@article{turing_test,
	author = {Turing, Alan},
	title = {Computing Machinery and Intelligence},
	journal = {Mind},
	number = {236},
	pages = {433--460},
	month = {October},
	year = {1950},
	DOI = {https://doi.org/10.1093/mind/LIX.236.433}
}

@article{lecunn_cnn,
	author = {LeCun, Yann},
	title = {Gradient-based learning applied to document recognition},
	year = {1998},
	DOI = {http://yann.lecun.com/exdb/publis/pdf/lecun-99.pdf}
}

@article{alexnet,
	author = {Krizhevsky, Alex  and Sutskever, Ilya and Hinton, Geoffrey E.},
	title = {ImageNet Classification with Deep Convolutional Neural Networks},
	year = {2012},
	DOI = 
	{https://papers.nips.cc/paper/4824-imagenet-classification-with-deep-convolutional-neural-networks.pdf}
}

@online{imagenet_competition,
	author = {Stanford Vision Lab },
	title = {ImageNet Large Scale Visual Recognition Challenge (ILSVRC)},
	url  = {http://www.image-net.org/challenges/LSVRC/},
	addendum = {dostęp: 30.08.2020},
	keywords = {image classification, imagenet, cnn, classification}
}

@online{alphago_deepmind,
	author = {DeepMind},
	title = {AlphaGo},
	url  = 
	{https://deepmind.com/research/case-studies/alphago-the-story-so-far},
	addendum = {dostęp: 30.08.2020},
}

@book{pfeifer_ei,
	author = {Pfeifer, Rolf  and Bongard, Josh},
	title = {How the Body Shapes the Way We Think: a New View of Intelligence},
	year = {2007},
	DOI = {10.7551/mitpress/3585.001.0001}
}

@article{stewart_93,
	author = {Stewart, John},
	title = {Cognition without neurons: Adaptation, learning and memory in the 
	immune system.},
	year = {1993},
	url = {https://dialnet.unirioja.es/descarga/articulo/122609.pdf}
}

@article{motivation_in_ei,
	author = {Starzyk, Janusz},
	title = {Motivation in Embodied Intelligence},
	year = {2008},
	url = 
	{https://www.researchgate.net/publication/221787286_Motivation_in_Embodied_Intelligence}
}

@book{csikszentmihalyi1996creativity,
	title={Creativity: Flow and the Psychology of Discovery and Invention},
	author={Csikszentmihalyi, M. and Csikszentmihalyi, M.},
	isbn={9780060171339},
	lccn={2018304734},
	series={Harper Perennial Modern Classics},
	url={https://books.google.pl/books?id=K0buAAAAMAAJ},
	year={1996},
	publisher={HarperCollinsPublishers}
}

@article{ml_dev_auto_systems,
	author = {Starzyk, Janusz and Graham, James and Raif, Paweł and Tan, 
	Ah-Hwee},
	title = {Motivated Learning for the Development of Autonomous Systems},
	year = {2012},
	doi = {https://doi.org/10.1016/j.cogsys.2010.12.009}
}

@article{ml_comp_int,
	author = {Starzyk, Janusz},
	title = {Motivated Learning for Computational Intelligence},
	year = {2011},
	doi = 
	{https://www.researchgate.net/publication/267375356_Motivated_Learning_for_Computational_Intelligence}
}

@article{hrl_bakker,
	author = {Bakker, Bram and Schmidhuber, Jurgen},
	title = {Hierarchical Reinforcement Learning Based on Subgoal Discovery and 
	Subpolicy Specialization},
	year = {2004},
	url = 
	{https://citeseerx.ist.psu.edu/viewdoc/download?doi=10.1.1.5.3154&rep=rep1&type=pdf}
}

@article{ml_vs_rl_comparative_study,
	author = {Graham, James and Starzyk, Janusz and Ni, Zhen and He, Haibo and 
	Teng, Teck-Hou and Tan, Ah-Hwee},
	title = {A comparative study between motivated learning and reinforcement 
	learning},
	year = {2015},
	doi = {https://doi.org/10.1109/IJCNN.2015.7280723}
}

@online{gazebo_sim_website,
    title = {Gazebo Sim},
    author = {Open Source Robotics Foundation},
    url = {http://gazebosim.org/}
}

@online{gazebo_components,
    title = {Gazebo Components},
    author = {Open Source Robotics Foundation},
    url = {http://gazebosim.org/tutorials?tut=components}
}

@online{rviz,
	title = {RViz},
	author = {Open Source Robotics Foundation},
	url = {http://wiki.ros.org/rviz},
}

@online{rqt,
	title = {RQT},
	author = {Open Source Robotics Foundation},
	url = {http://wiki.ros.org/rqt},
}

@online{turtebot3,
	title = {Turtlebot3 manual},
	author = {ROBOTIS},
	url = {https://emanual.robotis.com/docs/en/platform/turtlebot3/overview/}

}